Automatically generated by Mendeley Desktop 1.17.12
Any changes to this file will be lost if it is regenerated by Mendeley.

BibTeX export options can be customized via Options -> BibTeX in Mendeley Desktop

@article{Sanidad2009,
author = {Sanidad, Ministerio D E and Social, Tica},
doi = {BOE-A-2012-5403},
file = {:D$\backslash$:/UPC{\_}ESEIAAT/MASTER/220304 DISSENY I CONSTRUCCI{\'{O}} D'AEROPORTS/PROJECT/BOE-A-2009-9043.pdf:pdf},
isbn = {2011000040000},
issn = {1133-2654},
title = {{BOE-A-2012-5403}},
year = {2009}
}
@book{ICAO2006,
author = {ICAO},
file = {:D$\backslash$:/UPC{\_}ESEIAAT/MASTER/220304 DISSENY I CONSTRUCCI{\'{O}} D'AEROPORTS/PROJECT/icao{\_}doc{\_}9157{\_}aerodromedesignmanual-part5.pdf:pdf},
isbn = {9789292582463},
pages = {1--24},
title = {{Doc 9157 - Aerodrome Design Manual Part 5: Electrical Systems}},
year = {2006}
}
@article{Standards2016,
author = {Standards, International and Practices, Recommended and Aviation, International Civil and Design, Aerodrome},
file = {:D$\backslash$:/UPC{\_}ESEIAAT/MASTER/220304 DISSENY I CONSTRUCCI{\'{O}} D'AEROPORTS/PROJECT/an14{\_}v1{\_}7ed 2016.PDF:PDF},
number = {July},
title = {{Aerodromes}},
volume = {I},
year = {2016}
}
